@misc{iMessage,
    author = {Matthew Green},
    title = {Let's talk about iMessage (again)},
    howpublished = {A Few Thoughts on Cryptographic Engineering, Blog},
    year = {2014},
    note = {\url{http://blog.cryptographyengineering.com/2015/09/lets-talk-about-imessage-again.html}},
}

@misc{networkhostile,
    author = {Matthew Green},
    title = {The network is hostile},
    howpublished = {A Few Thoughts on Cryptographic Engineering, Blog},
    year = {2014},
    note = {\url{http://blog.cryptographyengineering.com/2015/08/the-network-is-hostile.html}},
}

@misc{zeroknow,
    author = {Matthew Green},
    title = {Zero Knowledge Proofs: An illustrated primer},
    howpublished = {A Few Thoughts on Cryptographic Engineering, Blog},
    year = {2014},
    note = {\url{http://blog.cryptographyengineering.com/2014/11/zero-knowledge-proofs-illustrated-primer.html}},
}

@misc{certtrans,
    author = {Google Certificate Transparency team and contributors},
    title = {Certificate Transparency},
    howpublished = {None},
    year = {Unknown},
    note = {\url{http://www.certificate-transparency.org/}},
}

@misc{openssl,
    author = {OpenSSL},
    title = {SSL and TSL Protocols},
    howpublished = {Wiki},
    year = {Unknown},
    note = {\url{https://wiki.openssl.org/index.php/SSL_and_TLS_Protocols}},
}

@misc{macdevlib,
    author = {Apple},
    title = {Cryptographic Services Guide},
    howpublished = {Mac Developer Library},
    year = {2014},
    note = {\url{https://developer.apple.com/library/mac/documentation/Security/Conceptual/cryptoservices/SecureNetworkCommunicationAPIs/SecureNetworkCommunicationAPIs.html}},
}

@misc{coniks,
    author = {Marcela S. Melara and Aaron Blankstein and Joseph Bonneau and Edward W. Felten and Michael J. Freedman},
    title = {CONIKS: Bringing Key Transparency to End Users},
    howpublished = {Cryptology ePrint Archive, Report 2014/1004},
    year = {2014},
    note = {\url{http://eprint.iacr.org/}},
}